% This file was created with JabRef 2.6.
% Encoding: UTF-8

@book{livro1,
	edition = {5},
	title = {Título do livro},
	publisher = {Editora Nome},
	author = {David A},
	year = {2011}
}

@misc{artigo,
	title = {Título},
	url = {http://index.html},
	urldate = {2015-03-05},
	Urlaccessdate= {05 mar. 2015},
	author = {Nome},
	year = {2013}
}

@article{artigo_2010,
	title = {Título },
	journal = {Jornal info},
	author = {Autores},
	year = {2010}
}

